<record><leader>00000cas a22000007a 4500</leader><controlfield tag="001">33193247</controlfield><controlfield tag="008">950923d19191959okuwr n       0    0eng d</controlfield><datafield ind1=" " ind2=" " tag="010"><subfield code="a">sn 95076141 </subfield></datafield><datafield ind1=" " ind2=" " tag="040"><subfield code="a">OBN</subfield><subfield code="b">eng</subfield><subfield code="c">OBN</subfield><subfield code="d">OCLCQ</subfield><subfield code="d">OCLCF</subfield><subfield code="d">OCLCO</subfield></datafield><datafield ind1="1" ind2=" " tag="029"><subfield code="a">AU@</subfield><subfield code="b">000025854512</subfield></datafield><datafield ind1=" " ind2=" " tag="042"><subfield code="a">msc</subfield></datafield><datafield ind1=" " ind2=" " tag="043"><subfield code="a">n-us-ok</subfield></datafield><datafield ind1="0" ind2=" " tag="130"><subfield code="a">Lincoln County republican (Chandler, Okla.)</subfield></datafield><datafield ind1="1" ind2="4" tag="245"><subfield code="a">The Lincoln County republican.</subfield></datafield><datafield ind1=" " ind2=" " tag="260"><subfield code="a">Chandler, Okla. :</subfield><subfield code="b">L.B. Nichols</subfield></datafield><datafield ind1=" " ind2=" " tag="300"><subfield code="a">v.</subfield></datafield><datafield ind1=" " ind2=" " tag="310"><subfield code="a">Weekly</subfield></datafield><datafield ind1="0" ind2=" " tag="362"><subfield code="a">Vol. 19, no. 45 (Dec. 11, 1919)-v. 59, no. 14 (Apr. 8, 1959).</subfield></datafield><datafield ind1=" " ind2=" " tag="500"><subfield code="a">Includes supplement called Davenport News, Vol. 1, no. 1 (May 5, 1921-</subfield></datafield><datafield ind1=" " ind2="0" tag="651"><subfield code="a">Chandler (Okla.)</subfield><subfield code="v">Newspapers.</subfield></datafield><datafield ind1=" " ind2="0" tag="651"><subfield code="a">Lincoln County (Okla.)</subfield><subfield code="v">Newspapers.</subfield></datafield><datafield ind1=" " ind2="7" tag="655"><subfield code="a">Newspapers.</subfield><subfield code="2">fast</subfield><subfield code="0">(OCoLC)fst01423814</subfield></datafield><datafield ind1=" " ind2="7" tag="651"><subfield code="a">Oklahoma</subfield><subfield code="z">Chandler.</subfield><subfield code="2">fast</subfield><subfield code="0">(OCoLC)fst01228735</subfield></datafield><datafield ind1=" " ind2="7" tag="651"><subfield code="a">Oklahoma</subfield><subfield code="z">Lincoln County.</subfield><subfield code="2">fast</subfield><subfield code="0">(OCoLC)fst01223982</subfield></datafield><datafield ind1=" " ind2=" " tag="752"><subfield code="a">United States</subfield><subfield code="b">Oklahoma</subfield><subfield code="c">Lincoln</subfield><subfield code="d">Chandler.</subfield></datafield><datafield ind1="0" ind2="0" tag="780"><subfield code="t">Chandler tribune (Weekly ed. : 1901)</subfield><subfield code="w">(DLC)sn 95076140</subfield><subfield code="w">(OCoLC)33193237</subfield></datafield><datafield ind1="0" ind2="7" tag="785"><subfield code="t">Chandler news publicist (Chandler, Okla. : 1909)</subfield><subfield code="w">(DLC)sn 95076146</subfield><subfield code="w">(OCoLC)33193338</subfield></datafield><datafield ind1="0" ind2="7" tag="785"><subfield code="t">Lincoln County news (Chandler, Okla. : 1959)</subfield><subfield code="w">(DLC)sn 95076147</subfield><subfield code="w">(OCoLC)33193341</subfield></datafield></record>